<record><leader>00000cas a2200000 a 4500</leader><controlfield tag="001">12168799</controlfield><controlfield tag="008">850618d18891906ksuwr ne      0    0eng d</controlfield><datafield ind1=" " ind2=" " tag="010"><subfield code="a">sn 85030602 </subfield></datafield><datafield ind1=" " ind2=" " tag="040"><subfield code="a">KSH</subfield><subfield code="b">eng</subfield><subfield code="c">KSH</subfield><subfield code="d">NPT</subfield><subfield code="d">OCL</subfield><subfield code="d">OCLCQ</subfield></datafield><datafield ind1=" " ind2=" " tag="042"><subfield code="a">msc</subfield></datafield><datafield ind1="0" ind2=" " tag="130"><subfield code="a">Erie sentinel (Erie, Kan. : 1889)</subfield></datafield><datafield ind1="1" ind2="4" tag="245"><subfield code="a">The Erie sentinel.</subfield></datafield><datafield ind1="1" ind2="3" tag="246"><subfield code="a">Sentinel</subfield><subfield code="f">Dec. 11, 1891-June 3, 1892</subfield></datafield><datafield ind1=" " ind2=" " tag="260"><subfield code="a">Erie, Kan. :</subfield><subfield code="b">Watt &amp; Herod,</subfield><subfield code="c">1889-1906.</subfield></datafield><datafield ind1=" " ind2=" " tag="300"><subfield code="a">18 v. :</subfield><subfield code="b">ill. ;</subfield><subfield code="c">49-65 cm.</subfield></datafield><datafield ind1=" " ind2=" " tag="310"><subfield code="a">Weekly</subfield></datafield><datafield ind1="0" ind2=" " tag="362"><subfield code="a">Vol. 7, no. 21 (May 16, 1889)-v. 56, no. 43 (Aug. 24, 1906).</subfield></datafield><datafield ind1=" " ind2=" " tag="500"><subfield code="a">Publisher varies.</subfield></datafield><datafield ind1=" " ind2=" " tag="500"><subfield code="a">Republican, May 16, 1889-June 19, 1890; "Peoples' Party," Dec. 11, 1891-Aug. 24, 1906.</subfield></datafield><datafield ind1=" " ind2=" " tag="515"><subfield code="a">Numbering is irregular.</subfield></datafield><datafield ind1=" " ind2=" " tag="752"><subfield code="a">United States</subfield><subfield code="b">Kansas</subfield><subfield code="c">Neosho</subfield><subfield code="d">Erie.</subfield></datafield><datafield ind1="0" ind2="0" tag="780"><subfield code="t">Peoples' vindicator (Erie, Kan.)</subfield><subfield code="w">(DLC)sn 85030586</subfield></datafield><datafield ind1="0" ind2="7" tag="785"><subfield code="t">Chanute blade (Chanute, Kan. : 1883)</subfield><subfield code="w">(DLC)sn 85030518</subfield></datafield><datafield ind1="0" ind2="7" tag="785"><subfield code="t">Erie sentinel and Chanute blade</subfield><subfield code="w">(DLC)sn 85030603</subfield></datafield></record>